<?xml version="1.0" encoding="UTF-8"?><collection xmlns="http://www.loc.gov/MARC21/slim"><record><leader>00409nam--2200133-i-4500</leader><controlfield tag="001">000023275</controlfield><controlfield tag="002">20161230</controlfield><controlfield tag="005">20161230201034</controlfield><controlfield tag="008">060222s1000------------r-----000-0-eng-d</controlfield><datafield ind1=" " ind2=" " tag="080"><subfield code="a">621.3.01:681.14:015</subfield></datafield><datafield ind1=" " ind2=" " tag="100"><subfield code="a">Ippolito, Jean-claude</subfield></datafield><datafield ind1=" " ind2=" " tag="245"><subfield code="a">Contribution a l`implantation de fonctions logiques sur les reseaux cellulaires.these</subfield></datafield><datafield ind1=" " ind2=" " tag="260"><subfield code="a">Toulouse,Universite Paul Sabatier, 1971. 205p</subfield></datafield><datafield ind1=" " ind2=" " tag="852"><subfield code="a">38111</subfield></datafield></record></collection>